<record><leader>00000cas a2200000 a 4500</leader><controlfield tag="001">16905825</controlfield><controlfield tag="008">871027d19871990miuwr n       0    0eng c</controlfield><datafield ind1=" " ind2=" " tag="010"><subfield code="a">sn 97063230 </subfield><subfield code="z">   97063230 </subfield></datafield><datafield ind1=" " ind2=" " tag="040"><subfield code="a">EYZ</subfield><subfield code="b">eng</subfield><subfield code="c">EYZ</subfield><subfield code="d">MHN</subfield><subfield code="d">DLC</subfield><subfield code="d">NSD</subfield><subfield code="d">OCL</subfield><subfield code="d">OCLCQ</subfield><subfield code="d">OCLCF</subfield><subfield code="d">OCLCO</subfield></datafield><datafield ind1="1" ind2=" " tag="029"><subfield code="a">AU@</subfield><subfield code="b">000013654462</subfield></datafield><datafield ind1=" " ind2=" " tag="042"><subfield code="a">pcc</subfield></datafield><datafield ind1=" " ind2=" " tag="043"><subfield code="a">n-us-mi</subfield></datafield><datafield ind1=" " ind2=" " tag="090"><subfield code="a">AN1.W9</subfield><subfield code="b">W9</subfield></datafield><datafield ind1="0" ind2="0" tag="245"><subfield code="a">Wyandotte independent.</subfield></datafield><datafield ind1=" " ind2=" " tag="260"><subfield code="a">Wyandotte, Mich. :</subfield><subfield code="b">Ernest L. Nagy,</subfield><subfield code="c">1987-</subfield></datafield><datafield ind1=" " ind2=" " tag="300"><subfield code="a">v. :</subfield><subfield code="b">ill.</subfield></datafield><datafield ind1=" " ind2=" " tag="310"><subfield code="a">Weekly</subfield></datafield><datafield ind1="0" ind2=" " tag="362"><subfield code="a">Mar. 8, 1987-July 28, 1990.</subfield></datafield><datafield ind1=" " ind2=" " tag="500"><subfield code="a">"A Heritage newspaper."</subfield></datafield><datafield ind1=" " ind2="0" tag="651"><subfield code="a">Wyandotte (Mich.)</subfield><subfield code="v">Newspapers.</subfield></datafield><datafield ind1=" " ind2="0" tag="651"><subfield code="a">Wayne County (Mich.)</subfield><subfield code="v">Newspapers.</subfield></datafield><datafield ind1=" " ind2="7" tag="655"><subfield code="a">Newspapers.</subfield><subfield code="2">fast</subfield><subfield code="0">(OCoLC)fst01423814</subfield></datafield><datafield ind1=" " ind2="7" tag="651"><subfield code="a">Michigan</subfield><subfield code="z">Wayne County.</subfield><subfield code="2">fast</subfield><subfield code="0">(OCoLC)fst01206628</subfield></datafield><datafield ind1=" " ind2="7" tag="651"><subfield code="a">Michigan</subfield><subfield code="z">Wyandotte.</subfield><subfield code="2">fast</subfield><subfield code="0">(OCoLC)fst01202850</subfield></datafield><datafield ind1=" " ind2=" " tag="752"><subfield code="a">United States</subfield><subfield code="b">Michigan</subfield><subfield code="c">Wayne</subfield><subfield code="d">Wyandotte.</subfield></datafield><datafield ind1="0" ind2=" " tag="775"><subfield code="t">Wyandotte news-herald (Wyandotte, Mich. : 1977)</subfield><subfield code="w">(DLC)sn 97063254</subfield><subfield code="w">(OCoLC)36468457</subfield></datafield><datafield ind1="0" ind2=" " tag="775"><subfield code="t">News-herald (Wyandotte, Mich. : 1989)</subfield><subfield code="w">(DLC)sn 97063235</subfield><subfield code="w">(OCoLC)16905755</subfield></datafield><datafield ind1="0" ind2="0" tag="785"><subfield code="t">Heritage Sunday</subfield><subfield code="x">1522-662X</subfield><subfield code="w">(DLC)sn 97063107</subfield><subfield code="w">(OCoLC)36303203</subfield></datafield></record>